% Encoding: UTF-8

@inproceedings{DBLP:conf/pkc/HiromasaAO15,
  author    = {Ryo Hiromasa and
               Masayuki Abe and
               Tatsuaki Okamoto},
  title     = {Packing Messages and Optimizing Bootstrapping in {GSW-FHE}},
  booktitle = {Public Key Cryptography},
  series    = {Lecture Notes in Computer Science},
  volume    = {9020},
  pages     = {699--715},
  publisher = {Springer},
  year      = {2015}
}

@article{DBLP:journals/tc/KhedrGV16,
  author    = {Alhassan Khedr and
               P. Glenn Gulak and
               Vinod Vaikuntanathan},
  title     = {{SHIELD:} Scalable Homomorphic Implementation of Encrypted Data-Classifiers},
  journal   = {{IEEE} Trans. Computers},
  volume    = {65},
  number    = {9},
  pages     = {2848--2858},
  year      = {2016}
}

@inproceedings{DBLP:conf/stoc/ImpagliazzoLL89,
  author    = {Russell Impagliazzo and
               Leonid A. Levin and
               Michael Luby},
  title     = {Pseudo-random Generation from one-way functions (Extended Abstracts)},
  booktitle = {{STOC}},
  pages     = {12--24},
  publisher = {{ACM}},
  year      = {1989}
}

@article{DBLP:journals/jacm/Regev09,
  author    = {Oded Regev},
  title     = {On lattices, learning with errors, random linear codes, and cryptography},
  journal   = {J. {ACM}},
  volume    = {56},
  number    = {6},
  pages     = {34:1--34:40},
  year      = {2009}
}

@inproceedings{DBLP:conf/pkc/ChaidosG15,
  author    = {Pyrros Chaidos and
               Jens Groth},
  title     = {Making Sigma-Protocols Non-interactive Without Random Oracles},
  booktitle = {Public Key Cryptography},
  series    = {Lecture Notes in Computer Science},
  volume    = {9020},
  pages     = {650--670},
  publisher = {Springer},
  year      = {2015}
}

@inproceedings{DBLP:conf/focs/Micciancio02,
  author    = {Daniele Micciancio},
  title     = {Generalized Compact Knapsacks, Cyclic Lattices, and Efficient One-Way
               Functions from Worst-Case Complexity Assumptions},
  booktitle = {{FOCS}},
  pages     = {356--365},
  publisher = {{IEEE} Computer Society},
  year      = {2002}
}

@inproceedings{DBLP:conf/crypto/BrakerskiV11,
  author    = {Zvika Brakerski and
               Vinod Vaikuntanathan},
  title     = {Fully Homomorphic Encryption from Ring-LWE and Security for Key Dependent
               Messages},
  booktitle = {{CRYPTO}},
  series    = {Lecture Notes in Computer Science},
  volume    = {6841},
  pages     = {505--524},
  publisher = {Springer},
  year      = {2011}
}

@inproceedings{DBLP:conf/eurocrypt/LyubashevskyPR13,
  author    = {Vadim Lyubashevsky and
               Chris Peikert and
               Oded Regev},
  title     = {A Toolkit for Ring-LWE Cryptography},
  booktitle = {{EUROCRYPT}},
  series    = {Lecture Notes in Computer Science},
  volume    = {7881},
  pages     = {35--54},
  publisher = {Springer},
  year      = {2013}
}

@inproceedings{DBLP:conf/eurocrypt/GayHKW16,
  author    = {Romain Gay and
               Dennis Hofheinz and
               Eike Kiltz and
               Hoeteck Wee},
  title     = {Tightly CCA-Secure Encryption Without Pairings},
  booktitle = {{EUROCRYPT} {(1)}},
  series    = {Lecture Notes in Computer Science},
  volume    = {9665},
  pages     = {1--27},
  publisher = {Springer},
  year      = {2016}
}

@inproceedings{DBLP:conf/stoc/BlumFM88,
  author    = {Manuel Blum and
               Paul Feldman and
               Silvio Micali},
  title     = {Non-Interactive Zero-Knowledge and Its Applications (Extended Abstract)},
  booktitle = {{STOC}},
  pages     = {103--112},
  publisher = {{ACM}},
  year      = {1988}
}

@inproceedings{DBLP:conf/eurocrypt/GrothS08,
  author    = {Jens Groth and
               Amit Sahai},
  title     = {Efficient Non-interactive Proof Systems for Bilinear Groups},
  booktitle = {{EUROCRYPT}},
  series    = {Lecture Notes in Computer Science},
  volume    = {4965},
  pages     = {415--432},
  publisher = {Springer},
  year      = {2008}
}

@article{DBLP:journals/iacr/BaumDOP16,
  author    = {Carsten Baum and
               Ivan Damg{\aa}rd and
               Sabine Oechsner and
               Chris Peikert},
  title     = {Efficient Commitments and Zero-Knowledge Protocols from Ring-SIS with
               Applications to Lattice-based Threshold Cryptosystems},
  journal   = {{IACR} Cryptology ePrint Archive},
  volume    = {2016},
  pages     = {997},
  year      = {2016}
}

@inproceedings{DBLP:conf/crypto/BaumDLN16,
  author    = {Carsten Baum and
               Ivan Damg{\aa}rd and
               Kasper Green Larsen and
               Michael Nielsen},
  title     = {How to Prove Knowledge of Small Secrets},
  booktitle = {{CRYPTO} {(3)}},
  series    = {Lecture Notes in Computer Science},
  volume    = {9816},
  pages     = {478--498},
  publisher = {Springer},
  year      = {2016}
}

@inproceedings{DBLP:conf/tcc/DamgardFN06,
  author    = {Ivan Damg{\aa}rd and
               Nelly Fazio and
               Antonio Nicolosi},
  title     = {Non-interactive Zero-Knowledge from Homomorphic Encryption},
  booktitle = {{TCC}},
  series    = {Lecture Notes in Computer Science},
  volume    = {3876},
  pages     = {41--59},
  publisher = {Springer},
  year      = {2006}
}

@inproceedings{DBLP:conf/eurocrypt/OkamotoU98,
  author    = {Tatsuaki Okamoto and
               Shigenori Uchiyama},
  title     = {A New Public-Key Cryptosystem as Secure as Factoring},
  booktitle = {{EUROCRYPT}},
  series    = {Lecture Notes in Computer Science},
  volume    = {1403},
  pages     = {308--318},
  publisher = {Springer},
  year      = {1998}
}

@Comment{jabref-meta: databaseType:bibtex;}
